@article{Yoe1944Colorimetric,
  title={Colorimetric Determination of Iron with Disodium-1,2-dihydroxybenzene-3,5-disulfonate},
  author={Yoe, John H. and Jones, A Letcher.},
  journal={Ind.eng.chem.anal.ed},
  number={2},
  pages={111-115},
  year={1944},
}

@article{Ramsay1957The,
  title={The determination of iron in blood plasma or serum.},
  author={Ramsay, W. N.},
  journal={Clinica Chimica Acta},
  volume={2},
  number={3},
  pages={214-220},
  year={1957},
}

@article{Reis1994Multicommutation,
  title={Multicommutation in flow analysis. Part 1. Binary sampling: concepts, instrumentation and spectrophotometric determination of iron in plant digests},
  author={Reis, Boaventura F. and Giné, Maria F. and Zagatto, Elias A. G. and Lima, José Luis F. C. and Rui, A. Lapa},
  journal={Analytica Chimica Acta},
  volume={293},
  number={1–2},
  pages={129-138},
  year={1994},
}

@article{Stookey1970Ferrozine,
  title={Ferrozine---a new spectrophotometric reagent for iron},
  author={Stookey, Lawrence L.},
  journal={Analytical Chemistry},
  volume={42},
  number={7},
  year={1970},
}

@article{Er-KunShang20134,
  title={Comparative Analysis of the Four Spectrophotometric Determination of Iron Content},
  author={Er-Kun Shang and Ran Tian and Li-Yuan Ma and Qing Zhou and Tian-Tian Huang and Bo Tian},
  journal={The Food Industry},
  number={10},
  pages={223-225},
  year={2013},
}

@article{Suo-YiHuang2004DeterminationofIron,
  title={Determination of Iron in Melon and Fruit of Vegetables by Spectrophotometry in Mountains of Guangxi},
  author={Suo-Yi Huang and Chao-Feng Qin and Jin-Mei Yang and Rui-Lin Yu},
  journal={Guangdong Trace Elements Science},
  volume={11},
  number={11},
  pages={48-50},
  year={2004},
}

@article{Wong1923COLORIMETRIC,
  title={COLORIMETRIC DETERMINATION OF IRON AND HEMOGLOBIN IN BLOOD},
  author={Wong, San Yin},
  journal={Journal of Biological Chemistry},
  volume={55},
  number={2},
  pages={409-412},
  year={1923},
}

@article{T1975Nitrosophenol,
  title={Nitrosophenol and nitrosonaphthol derivatives as reagents for the spectrophotometric determination of iron and determination of micro-amounts in waters with 2-nitroso-5-dimethylaminophenol},
  author={Tôei, Kyoji and Motomizu, Shoji and Korenaga, Takashi},
  journal={Japan Analyst},
  volume={44},
  number={1194},
  pages={681-690},
  year={1975},
}

@article{King1991Spectrophotometric,
  title={Spectrophotometric determination of iron(II) in seawater at nanomolar concentrations},
  author={King, D. Whitney and Lin, Jie and Kester, Dana R.},
  journal={Analytica Chimica Acta},
  volume={247},
  number={1},
  pages={125-132},
  year={1991},
}

@article{Carter1971Spectrophotometric,
  title={Spectrophotometric determination of serum iron at the submicrogram level with a new reagent (ferrozine).},
  author={Carter, P},
  journal={Analytical Biochemistry},
  volume={40},
  number={2},
  pages={450-8},
  year={1971},
}
